@ARTICLE{fullconvolution,
   author = {{Springenberg}, J.~T. and {Dosovitskiy}, A. and {Brox}, T. and
	{Riedmiller}, M.},
    title = "{Striving for Simplicity: The All Convolutional Net}",
  journal = {ArXiv e-prints},
archivePrefix = "arXiv",
   eprint = {1412.6806},
 keywords = {Computer Science - Machine Learning, Computer Science - Computer Vision and Pattern Recognition, Computer Science - Neural and Evolutionary Computing},
     year = 2014,
    month = dec,
   adsurl = {http://adsabs.harvard.edu/abs/2014arXiv1412.6806S},
  adsnote = {Provided by the SAO/NASA Astrophysics Data System}
}
@book{neuralbook,
    author = {Michael A. Nielsen},
    title = "Neural Networks and Deep Learning",
    year = "2015",
    howpublished = "\url{http://neuralnetworksanddeeplearning.com}",
    publisher = "Determination Press",
    note = "[Online; accessed \today]"
  }
@misc{wiki:blend,
    author = "{Wikipedia contributors}",
    title = "Blend modes --- {Wikipedia}{,} The Free Encyclopedia",
    year = "\the\year",
    howpublished = "\url{https://en.wikipedia.org/wiki/Blend_modes}",
    note = "[Online; accessed \today]"
  }
@misc{wiki:rnn,
    author = "{Wikipedia contributors}",
    title = "Recurrent neural network --- {Wikipedia}{,} The Free Encyclopedia",
    year = "\the\year",
    howpublished = "\url{https://en.wikipedia.org/wiki/Recurrent_neural_network}",
    note = "[Online; accessed \today]"
  }
@misc{softmax,
    author = {Eli Bendersky },
    title = "The Softmax function and its derivative",
    year = "2016",
    howpublished = "\url{https://eli.thegreenplace.net/2016/the-softmax-function-and-its-derivative}",
    note = "[Online; accessed \today]"
  }
@misc{wiki:mcc,
    author = "{Wikipedia contributors}",
    title = "Matthews correlation coefficient --- {Wikipedia}{,} The Free Encyclopedia",
    year = "\the\year",
    howpublished = "\url{https://en.wikipedia.org/wiki/Matthews_correlation_coefficient}",
    note = "[Online; accessed \today]"
  }

@ARTICLE{adam,
   author = {{Ruder}, S.},
    title = "{An overview of gradient descent optimization algorithms}",
  journal = {ArXiv e-prints},
archivePrefix = "arXiv",
   eprint = {1609.04747},
 keywords = {Computer Science - Machine Learning},
     year = 2016,
    month = sep,
   adsurl = {http://adsabs.harvard.edu/abs/2016arXiv160904747R},
  adsnote = {Provided by the SAO/NASA Astrophysics Data System}
}
@misc{conv,
    author = {cs231n},
    title = "Convolutional Neural Networks (CNNs / ConvNets)",
    year = "\the\year",
    howpublished = "\url{http://cs231n.github.io/convolutional-networks}",
    note = "[Online; accessed \today]"
  }
@misc{activations,
    author = {Anish Singh Walia},
    title = "Activation functions and itâ€™s types-Which is better?",
    year = "2015",
    howpublished = "\url{https://towardsdatascience.com/activation-functions-and-its-types-which-is-better-a9a5310cc8f}",
    note = "[Online; accessed \today]"
  }
@misc{alex,
    author = {Hao Gao},
    title = "A Walk-through of AlexNet",
    year = "2017",
    howpublished = "\url{https://medium.com/@smallfishbigsea/a-walk-through-of-alexnet-6cbd137a5637}",
    note = "[Online; accessed \today]"
  }
@misc{batchnorm,
    author = {Firdaouss Doukkali},
    title = "Batch normalization in Neural Networks",
    year = "2017",
    howpublished = "\url{https://towardsdatascience.com/batch-normalization-in-neural-networks-1ac91516821c}",
    note = "[Online; accessed \today]"
  }
@misc{optimization,
    author = {Sebastian Ruder},
    title = "An overview of gradient descent optimization algorithms",
    year = "2016",
    howpublished = "\url{http://ruder.io/optimizing-gradient-descent}",
    note = "[Online; accessed \today]"
  }
@misc{gittele,
    author = {Roman Haefeli},
    title = "watchteleboy",
    year = "2018",
    howpublished = "\url{https://github.com/reduzent}",
    note = "[Online; accessed \today]"
  }
@article{batchnorm_paper,
  author    = {Sergey Ioffe and
               Christian Szegedy},
  title     = {Batch Normalization: Accelerating Deep Network Training by Reducing
               Internal Covariate Shift},
  journal   = {CoRR},
  volume    = {abs/1502.03167},
  year      = {2015},
  url       = {http://arxiv.org/abs/1502.03167},
  archivePrefix = {arXiv},
  eprint    = {1502.03167},
  timestamp = {Mon, 13 Aug 2018 16:47:06 +0200},
  biburl    = {https://dblp.org/rec/bib/journals/corr/IoffeS15},
  bibsource = {dblp computer science bibliography, https://dblp.org}
}
@article{openimages,
  title={OpenImages: A public dataset for large-scale multi-label and multi-class image classification.},
  author={Krasin, Ivan and Duerig, Tom and Alldrin, Neil and Ferrari, Vittorio and Abu-El-Haija, Sami and Kuznetsova, Alina and Rom, Hassan and Uijlings, Jasper and Popov, Stefan and Veit, Andreas and Belongie, Serge and Gomes, Victor and Gupta, Abhinav and Sun, Chen and Chechik, Gal and Cai, David and Feng, Zheyun and Narayanan, Dhyanesh and Murphy, Kevin},
  journal={Dataset available from https://github.com/openimages},
  year={2017}
}
@Misc{numpy,
  author =    {Travis E, Oliphant},
  title =     {A guide to NumPy},
  year =      {2006},
  howpublished = "http://www.numpy.org",
  note = {[Online; accessed \today]}
}
@Misc{python,
  author =    {Python Core Team},
  title =     {Python: A dynamic, open source programming language},
  year =      {2015},
  howpublished = "https://www.python.org",
  note = {[Online; accessed \today]}
}
@Misc{django,
  author =    {Django Software Foundation},
  title =     {Django [Computer Software]},
  year =      {2013},
  howpublished = "https://djangoproject.com",
  note = {[Online; accessed \today]}
}

@Misc{django_channel,
  author =    {Django Software Foundation},
  title =     {Django [Computer Software]},
  year =      {2016},
  howpublished = "https://channels.readthedocs.io",
  note = {[Online; accessed \today]}
}
@Misc{vuejs,
  title =     {The Progressive JavaScript Framework},
  author = {Evan You},
  howpublished = "https://vuejs.org",
  year = {2014},
  note = {[Online; accessed \today]}
}
@Misc{vuetify,
  title =     {Material Design Component Framework},
  author = {John Leider},
  howpublished = "https://vuetifyjs.com",
  year = {2016},
  note = {[Online; accessed \today]}
}
@article{opencv_library,
    author = {Bradski, G.},
    citeulike-article-id = {2236121},
    journal = {Dr. Dobb's Journal of Software Tools},
    keywords = {bibtex-import},
    posted-at = {2008-01-15 19:21:54},
    priority = {4},
    title = {{The OpenCV Library}},
    year = {2000}
}
